<record xmlns="http://www.loc.gov/MARC21/slim" xmlns:xsi="http://www.w3.org/2001/XMLSchema-instance" xsi:schemaLocation="http://www.loc.gov/MARC21/slim http://www.loc.gov/standards/marcxml/schema/MARC21slim.xsd"><leader>00037nz   2200037n  4500</leader><controlfield tag="001">DNB|118997165</controlfield><controlfield tag="003">DNB</controlfield><controlfield tag="005">20080123010923.0</controlfield><controlfield tag="008">911007|||azznnaa|||||||||||| a|aaa|||| d</controlfield><datafield ind1="7" ind2=" " tag="016"><subfield code="a">118997165</subfield><subfield code="2">GyFmDB</subfield></datafield><datafield ind1=" " ind2=" " tag="035"><subfield code="a">(SWD)4268010-4</subfield><subfield code="z">(SWD)10074091X</subfield></datafield><datafield ind1=" " ind2=" " tag="040"><subfield code="a">0012</subfield><subfield code="b">ger</subfield><subfield code="d">DNB</subfield><subfield code="f">RAK-PND</subfield></datafield><datafield ind1=" " ind2=" " tag="043"><subfield code="a">XS---</subfield><subfield code="2">SWD-ISO3166</subfield></datafield><datafield ind1=" " ind2=" " tag="065"><subfield code="a">12.2p</subfield><subfield code="5">SWD</subfield></datafield><datafield ind1="0" ind2=" " tag="100"><subfield code="a">Thespis,</subfield><subfield code="c">Tragicus</subfield><subfield code="d">534 v. Chr.</subfield></datafield><datafield ind1="0" ind2=" " tag="400"><subfield code="a">Thespis</subfield><subfield code="d">534 v. Chr.</subfield></datafield><datafield ind1="0" ind2=" " tag="400"><subfield code="a">Thespis,</subfield><subfield code="c">Icariensis</subfield><subfield code="d">534 v. Chr.</subfield></datafield><datafield ind1="0" ind2=" " tag="400"><subfield code="a">Thespis,</subfield><subfield code="c">Atheniensis</subfield><subfield code="d">534 v. Chr.</subfield></datafield><datafield ind1="0" ind2=" " tag="400"><subfield code="a">Thespis,</subfield><subfield code="c">von Ikaria</subfield><subfield code="d">534 v. Chr.</subfield></datafield><datafield ind1="0" ind2=" " tag="400"><subfield code="a">Thespis,</subfield><subfield code="c">Sohn des Themon</subfield><subfield code="d">534 v. Chr.</subfield></datafield><datafield ind1="0" ind2=" " tag="400"><subfield code="a">Tespi,</subfield><subfield code="c">del Demo Icaria</subfield><subfield code="d">534 v. Chr.</subfield></datafield><datafield ind1="0" ind2=" " tag="400"><subfield code="a">Thespis,</subfield><subfield code="c">Tragiker</subfield><subfield code="d">534 v. Chr.</subfield></datafield><datafield ind1=" " ind2=" " tag="500"><subfield code="t">Cramer, Johann C.: Commentatio de Thespide. - 1754</subfield></datafield></record>